%済み
@inproceedings{Kurashima,
 author = {Kurashima, Takeshi and Iwata, Tomoharu and Irie, Go and Fujimura, Ko},
 title = {Travel Route Recommendation Using Geotags in Photo Sharing Sites},
 booktitle = {Proceedings of the 19th ACM International Conference on Information and Knowledge Management},
 series = {CIKM '10},
 year = {2010},
 isbn = {978-1-4503-0099-5},
 location = {Toronto, ON, Canada},
 pages = {579--588},
 numpages = {10},
 url = {http://doi.acm.org/10.1145/1871437.1871513},
 doi = {10.1145/1871437.1871513},
 acmid = {1871513},
 publisher = {ACM},
 address = {New York, NY, USA},
 keywords = {geo-referenced photographs, geolocation, photographer behavior model, travel route recommendation},
}

%済み
@inproceedings{Cheng,
  title={Personalized travel recommendation by mining people attributes from community-contributed photos},
  author={An-Jung Cheng and Yan-Ying Chen and Yen-Ta Huang and Winston H. Hsu and Hong-Yuan Mark Liao},
  booktitle={ACM Multimedia},
  year={2011}
}

%済み
@inproceedings{松本,
   author	 = "松本敦志 and 杉本徹",
   title	 = "クチコミから抽出した特徴語を利用する観光地検索支援",
   booktitle	 = "第75回全国大会講演論文集",
   year 	 = "2013",
   volume	 = "2013",
   number	 = "1",
   pages	 = "307--308",
   month	 = "mar"
}

%済み
@article{嶋田,
author="嶋田 和孝 and 上原 尚 and 遠藤 勉",
title="集合知に基づく観光地推薦システムの構築",
journal="観光と情報 : 観光情報学会誌",
ISSN="1349-919X",
publisher="観光情報学会",
year="2014",
month="",
volume="10",
number="1",
pages="113-124",
URL="https://ci.nii.ac.jp/naid/40020251585/",
DOI="",
}

%済み
@article{廣嶋,
author="廣嶋 伸章 and 安田 宜仁 and 藤田 尚樹 and 片岡 良治",
title="地理情報検索におけるクエリ入力支援のための特徴語の提示",
journal="人工知能学会全国大会論文集",
ISSN="",
publisher="一般社団法人 人工知能学会",
year="2012",
month="",
volume="2012",
number="",
pages="1C1R56-1C1R56",
URL="https://ci.nii.ac.jp/naid/130007423454/",
DOI="10.11517/pjsai.JSAI2012.0_1C1R56",
}

%済み
@inproceedings{平野,
   author	 = "平野徹 and 松尾義博 and 菊井玄一郎",
   title	 = "地理的距離と有名度を用いた地名の曖昧性解消",
   booktitle	 = "全国大会講演論文集",
   year 	 = "2008",
   volume	 = "第70回",
   number	 = "人工知能と認知科学",
   pages	 = "85--86
",
   month	 = "mar"
}

%済み
@article{野守,
author="野守 耕爾 and 神津 友武",
title="口コミデータにPLSAを適用した観光客目線による観光地分析",
journal="人工知能学会全国大会論文集",
ISSN="1347-9881",
publisher="人工知能学会",
year="2015",
month="",
volume="29",
number="",
pages="1-4",
URL="https://ci.nii.ac.jp/naid/40020493315/",
DOI="",
}

%済み
% @article{佐藤,
%   title={レビューの分析に基づく化粧品推薦方法の提案},
%   author={佐藤 美里  and 関 亜紀子},
%   journal={日本大学生産工学部第49回学術講演会講演概要},
%   volume={49},
%   number={},
%   pages={713-714},
%   year={2016},
%   doi={}
% }

%済み
@article{上原,
author="上原 尚 and 嶋田 和孝 and 遠藤 勉",
title="Web上に混在する観光情報を活用した観光地推薦システム (言語理解とコミュニケーション・第4回集合知シンポジウム)",
journal="電子情報通信学会技術研究報告 : 信学技報",
ISSN="0913-5685",
publisher="一般社団法人電子情報通信学会",
year="2012",
month="dec",
volume="112",
number="367",
pages="13-18",
URL="https://ci.nii.ac.jp/naid/110009667399/",
DOI="",
}

%済み
@article{佃,
author="佃洸摂 and 大島裕明 and 加藤誠 and 田中 克己",
title="オブジェクト間の意外な共通点の発見",
journal="第6回データ工学と情報マネジメントに関するフォーラム(DEIM Forum 2014)",
year="2014",
month="",
volume="",
number="",
pages="1-8",
URL="",
DOI="",
}

%済み
@article{林,
  title={Web上のレビューを利用した映画推薦システム},
  author={林 貴宏 and 尾内 理紀夫},
  journal={人工知能学会論文誌},
  volume={30},
  number={1},
  pages={102-111},
  year={2015},
  doi={10.1527/tjsai.30.102}
}

%済み
@article{服部,
   author	 = "服部俊一 and 毛中杰 and 高間康史",
   title	 = "価値観に基づく情報推薦におけるレビュー分析の利用可能性に関する検討",
   journal	 = "SIG-AM",
   year 	 = "2012",
   volume	 = "01",
   number	 = "01",
   pages	 = "1--5",
   month	 = "apr"
}

%済み
@article{櫻川2015,
author="櫻川 直洋 and 廣田 雅春 and 石川 博 and 横山 昌平",
title="ジオタグ付き写真の撮影者を在住者と観光者に分類することによるホットスポットの発見",
journal="第7回データ工学と情報マネジメントに関するフォーラム(DEIM Forum 2015)",
year="2015",
month="",
volume="",
number="",
pages="1-7",
URL="",
DOI="",
}

%済み
@article{櫻川2016,
author="櫻川 直洋 and 廣田 雅春 and 石川 博 and 横山 昌平",
title="ジオタグ付き写真を用いたイベントとその穴場スポットの発見",
journal="第8回データ工学と情報マネジメントに関するフォーラム(DEIM Forum 2016)",
year="2016",
month="",
volume="",
number="",
pages="1-8",
URL="",
DOI="",
}

%済み
@article{倉田2010,
author="倉田陽平",
title="あえて案内しない着地型観光案内-観光関心点群の抽出と活用-",
journal="第19回地理情報システム学会講演論文集, 2010",
ISSN="",
publisher="",
year="2010",
month="",
volume="",
number="",
pages="",
URL="https://ci.nii.ac.jp/naid/10030775386/",
DOI="",
}

%済み
@INPROCEEDINGS{Kitamura,
author={R. {Kitamura} and T. {Itoh}},
booktitle={2018 22nd International Conference Information Visualisation (IV)},
title={Tourist Spot Recommendation Applying Generic Object Recognition with Travel Photos},
year={2018},
volume={},
number={},
pages={1-5},
keywords={cameras;data visualisation;graph theory;mobile computing;object recognition;recommender systems;travel industry;user interfaces;tourist spots;personal travel photos;generic object recognition system;travel recommendation;tourist spot recommendation;graph visualization;visual user interface;Visualization;User interfaces;Object recognition;Browsers;Clustering algorithms;Layout;Flickr;tourist-spot-recommendation;generic-object-recognition;user-interface},
doi={10.1109/iV.2018.00011},
ISSN={2375-0138},
month={July},}

%済み
@article{上村2019,
author="上村 幸汰 and 桂井 麻里衣 and 真木 勇人 and 後藤 亮介",
title="タグ付き画像を用いたファッションスタイルの関係性の可視化",
journal="第11回データ工学と情報マネジメントに関するフォーラム(DEIM Forum 2019)",
year="2019",
month="",
volume="",
number="",
pages="1-7",
URL="",
DOI="",
}

%済み
@article{Gentner,
title = "Structure-mapping: A theoretical framework for analogy",
journal = "Cognitive Science",
volume = "7",
number = "2",
pages = "155 - 170",
year = "1983",
issn = "0364-0213",
doi = "https://doi.org/10.1016/S0364-0213(83)80009-3",
url = "http://www.sciencedirect.com/science/article/pii/S0364021383800093",
author = "Dedre Gentner",
abstract = "A theory of analogy must describe how the meaning of an analogy is derived from the meanings of its parts. In the structure-mapping theory, the interpretation rules are characterized as implicit rules for mapping knowledge about a base domain into a target domain. Two important features of the theory are (a) the rules depend only on syntactic properties of the knowledge representation, and not on the specific content of the domains; and (b) the theoretical framework allows analogies to be distinguished cleanly from literal similarity statements, applications of abstractions, and other kinds of comparisons. Two mapping principles are described: (a) Relations between objects, rather than attributes of objects, are mapped from base to target; and (b) The particular relations mapped are determined by systematicity, as defined by the existence of higher-order relations."
}

%済み
@article{Holyoak,
title = "Analogical mapping by constraint satisfaction",
journal = "Cognitive Science",
volume = "13",
number = "3",
pages = "295 - 355",
year = "1989",
issn = "0364-0213",
doi = "https://doi.org/10.1016/0364-0213(89)90016-5",
url = "http://www.sciencedirect.com/science/article/pii/0364021389900165",
author = "Keith J. Holyoak and Paul Thagard",
abstract = "A theory of analogical mapping between source and target analogs based upon interacting structural, semantic, and pragmatic constraints is proposed here. The structural constraint of isomorphism encourages mappings that maximize the consistency of relational corresondences between the elements of the two analogs. The constraint of semantic similarity supports mapping hypotheses to the degree that mapped predicates have similar meanings. The constraint of pragmatic centrality favors mappings involving elements the analogist believes to be important in order to achieve the purpose for which the analogy is being used. The theory is implemented in a computer program called ACME (Analogical Constraint Mapping Engine), which represents constraints by means of a network of supporting and competing hypotheses regarding what elements to map. A cooperative algorithm for parallel constraint satisfaction identities mapping hypotheses that collectively represent the overall mapping that best fits the interacting constraints. ACME has been applied to a wide range of examples that include problem analogies, analogical arguments, explanatory analogies, story analogies, formal analogies, and metaphors. ACME is sensitive to semantic and pragmatic information if it is available, and yet able to compute mappings between formally isomorphic analogs without any similar or identical elements. The theory is able to account for empirical findings regarding the impact of consistency and similarity on human processing of analogies."
}

%済み
@article{Le,
  author    = {Quoc V. Le and
               Tomas Mikolov},
  title     = {Distributed Representations of Sentences and Documents},
  journal   = {CoRR},
  volume    = {abs/1405.4053},
  year      = {2014},
  url       = {http://arxiv.org/abs/1405.4053},
  archivePrefix = {arXiv},
  eprint    = {1405.4053},
  timestamp = {Mon, 13 Aug 2018 16:48:49 +0200},
  biburl    = {https://dblp.org/rec/bib/journals/corr/LeM14},
  bibsource = {dblp computer science bibliography, https://dblp.org}
}

%済み
%%mecab
@inproceedings{Kudo,
    title = "Applying Conditional Random Fields to {J}apanese Morphological Analysis",
    author = "Kudo, Taku  and
      Yamamoto, Kaoru  and
      Matsumoto, Yuji",
    booktitle = "Proceedings of the 2004 Conference on Empirical Methods in Natural Language Processing",
    month = jul,
    year = "2004",
    address = "Barcelona, Spain",
    publisher = "Association for Computational Linguistics",
    url = "https://www.aclweb.org/anthology/W04-3230",
    pages = "230--237",
}

%済み
@article{潘,
author="潘健太 and 北山大輔",
title="ユーザの既訪問スポットの位置付けに基づく未訪問スポットの説明手法",
journal="第11回データ工学と情報マネジメントに関するフォーラム(DEIM Forum 2019)",
year="2019",
month="",
volume="",
number="",
pages="1-7",
URL="",
DOI="",
}




















@article{Kanazawa,
author = {Kanazawa, Yuya and Hidaka, Yosuke and Ogawa, Katsuhiko},
year = {2013},
month = {01},
pages = {169-173},
title = {Destination Retrieval System Using an Association Retrieval Method},
journal = {International Journal of Future Computer and Communication},
doi = {10.7763/IJFCC.2013.V2.145}
}

%% doc2vec
@article{DBLP:journals/corr/LeM14,
  author = {Quoc V. Le and Tomas Mikolov},
  title = {Distributed Representations of Sentences and Documents},
  journal = {CoRR},
  volume = {abs/1405.4053},
  year = {2014},
  url = {http://arxiv.org/abs/1405.4053},
  timestamp = {Mon, 02 Jun 2014 08:30:36 +0200},
  biburl = {http://dblp.uni-trier.de/rec/bib/journals/corr/LeM14},
  bibsource = {dblp computer science bibliography, http://dblp.org}
}

%%TF
@ARTICLE{5392697,
author={H. P. {Luhn}},
journal={IBM Journal of Research and Development},
title={A Statistical Approach to Mechanized Encoding and Searching of Literary Information},
year={1957},
volume={1},
number={4},
pages={309-317},
keywords={},
doi={10.1147/rd.14.0309},
ISSN={},
month={Oct},}

%% IDF
@incollection{SparckJones:1988:SIT:106765.106782,
 author = {Sparck Jones, Karen},
 chapter = {A Statistical Interpretation of Term Specificity and Its Application in Retrieval},
 title = {Document Retrieval Systems},
 editor = {Willett, Peter},
 year = {1988},
 isbn = {0-947568-21-2},
 pages = {132--142},
 numpages = {11},
 url = {http://dl.acm.org/citation.cfm?id=106765.106782},
 acmid = {106782},
 publisher = {Taylor Graham Publishing},
 address = {London, UK, UK},
}
